<?xml version="1.0" encoding="UTF-8"?><collection xmlns="http://www.loc.gov/MARC21/slim"><record><leader>00398nam--2200133-i-4500</leader><controlfield tag="001">000002040</controlfield><controlfield tag="002">20161230</controlfield><controlfield tag="005">20161230201024</controlfield><controlfield tag="008">060222s1000------------r-----000-0-eng-d</controlfield><datafield ind1=" " ind2=" " tag="080"><subfield code="a">621.31:658</subfield></datafield><datafield ind1=" " ind2=" " tag="100"><subfield code="a">Gofman, I.V,.Gospitalnik, G.L</subfield></datafield><datafield ind1=" " ind2=" " tag="245"><subfield code="a">Organizarea si planificarea gospodariei energetice a intreprinderilor industriale</subfield></datafield><datafield ind1=" " ind2=" " tag="260"><subfield code="a">Bucuresti, Editura Tehnica, 1956. 647 P</subfield></datafield><datafield ind1=" " ind2=" " tag="852"><subfield code="a">26816</subfield></datafield></record></collection>